@inbook{Aho_Ullman_focs,
    place={Enskede},
    title={The Running Time of Programs},
    booktitle={Foundations of Computer Science},
    publisher={TPB},
    author={Aho, Alfred Vaino and Ullman, Jeffrey David},
    year={2004}
} 

@article{Knuth_Stevenson_1973,
    title={Optimal measurement points for program frequency counts},
    volume={13},
    DOI={10.1007/bf01951942},
    number={3},
    journal={BIT},
    author={Knuth, Donald E. and Stevenson, Francis R.},
    year={1973},
    pages={313–322}
}

@article{Ball_Larus_1993,
    title={Branch prediction for free},
    volume={28},
    DOI={10.1145/173262.155119},
    number={6},
    journal={ACM SIGPLAN Notices},
    author={Ball, Thomas and Larus, James R.},
    year={1993},
    pages={300–313}
}

@article{Calder_Grunwald_Lindsay_Martin_Mozer_Zorn_1995,
    title={Corpus-based Static Branch prediction},
    volume={30},
    DOI={10.1145/223428.207118},
    number={6},
    journal={ACM SIGPLAN Notices},
    author={Calder, Brad and Grunwald, Dirk and Lindsay, Donald and Martin, James and Mozer, Michael and Zorn, Benjamin},
    year={1995},
    pages={79–92}
} 

@article{Youfeng_Wu_Larus,
    title={Static branch frequency and program profile analysis},
    DOI={10.1109/micro.1994.717399},
    journal={Proceedings of MICRO-27. The 27th Annual IEEE/ACM International Symposium on Microarchitecture},
    author={Youfeng Wu and Larus, J.R.}
}

@inbook{Aho_Sethi_Ullman_9_1_7,
    place={Menlo Park, MA},
    title={Перемещение кода},
    booktitle={Компиляторы: принципы, технологии, инструменты},
    publisher={Вильямс},
    author={Ахо, Альфред and Лам, Моника С. and Сети, Рави and Ульман, Джеффри},
    year={2008},
    pages={714–715}
}

@INPROCEEDINGS{Lattner_Adve,
    author={Lattner, C. and Adve, V.},
    booktitle={International Symposium on Code Generation and Optimization, 2004. CGO 2004.},
    title={LLVM: a compilation framework for lifelong program analysis \& transformation},
    year={2004},
    volume={},
    number={},
    pages={75-86},
    doi={10.1109/CGO.2004.1281665}
}

@phdthesis{lattner2002llvm,
    title={LLVM: An infrastructure for multi-stage optimization},
    author={Lattner, Chris Arthur},
    year={2002},
    school={University of Illinois at Urbana-Champaign}
}

@inbook{Muchnick_Loops,
    place={San Francisco, Calif},
    title={Loops and Strongly Connected Components},
    booktitle={Advanced compiler design and implementation},
    publisher={Morgan Kaufmann},
    author={Muchnick, Steven S.},
    year={1997},
    pages={191–196}
}

@inbook{Hennessy_Patterson_Asanovic,
    place={Cambridge (Estados Unidos)},
    title={Measuring, Reporting, and Summarizing Performance},
    booktitle={Computer Architecture: A quantitative approach},
    publisher={Morgan Kaufmann},
    author={Hennessy, John L. and Patterson, David A. and Asanovic, Krste},
    year={2011},
    pages={36–44}
}
